@ARTICLE{shared_control,
  author={W. {Wang} and X. {Na} and D. {Cao} and J. {Gong} and J. {Xi} and Y. {Xing} and F. -Y. {Wang}},
  journal={IEEE/CAA Journal of Automatica Sinica}, 
  title={Decision-making in driver-automation shared control: A review and perspectives}, 
  year={2020},
  volume={7},
  number={5},
  pages={1289-1307},
  doi={10.1109/JAS.2020.1003294}}

@INPROCEEDINGS{att_intersec,
  author={D. {Sadigh} and S. S. {Sastry} and S. A. {Seshia} and A. {Dragan}},
  booktitle={2016 IEEE/RSJ International Conference on Intelligent Robots and Systems (IROS)}, 
  title={Information gathering actions over human internal state}, 
  year={2016},
  volume={},
  number={},
  pages={66-73},
  doi={10.1109/IROS.2016.7759036}}

@INPROCEEDINGS{pomdp_human_loop,
  author={C. {Lam} and S. S. {Sastry}},
  booktitle={53rd IEEE Conference on Decision and Control}, 
  title={A POMDP framework for human-in-the-loop system}, 
  year={2014},
  volume={},
  number={},
  pages={6031-6036},
  doi={10.1109/CDC.2014.7040333}}

@inproceedings{pomdp_RNN,
  title = {Solving Deep Memory POMDPs with Recurrent Policy Gradients},
  author = {Wierstra, D. and F{\"o}rster, A. and Peters, J. and Schmidhuber, J.},
  journal = {Artificial Neural Networks: ICANN 2007},
  booktitle = {ICANN&lsquo;07},
  pages = {697-706},
  publisher = {Springer},
  organization = {Max-Planck-Gesellschaft},
  school = {Biologische Kybernetik},
  address = {Berlin, Germany},
  month = sep,
  year = {2007},
  month_numeric = {9}}

@mastersthesis{master_attention,
  author       = {Elia Furlanis}, 
  title        = {A non-cooperative game framework for active learning of human driver’s attention level with application to autonomous driving},
  school       = {KTH Royal Institute of Technology},
  year         = {2019},
  month        = {2},
  note = "Retrieved from \url{http://urn.kb.se/resolve?urn=urn:nbn:se:kth:diva-271637}"
  }

@misc{residual_drone,
      title={Residual Policy Learning for Shared Autonomy}, 
      author={Charles Schaff and Matthew R. Walter},
      year={2020},
      eprint={2004.05097},
      archivePrefix={arXiv},
      primaryClass={cs.RO}
}

@misc{shared_auton_drone,
      title={Shared Autonomy via Deep Reinforcement Learning}, 
      author={Siddharth Reddy and Anca D. Dragan and Sergey Levine},
      year={2018},
      eprint={1802.01744},
      archivePrefix={arXiv},
      primaryClass={cs.LG}
}

@inproceedings{torcs,
  title={TORCS, The Open Racing Car Simulator},
  author={E. Espi{\'e} and Christophe Guionneau and Bernhard Wymann and Christos Dimitrakakis and R{\'e}mi Coulom and A. Sumner},
  year={2005}
}

@book{RL_introductio,
  title={Reinforcement learning: An introduction},
  author={Sutton, Richard S and Barto, Andrew G},
  year={2018},
  publisher={MIT press}
} 

@misc{distracted_nhtsa,
      title={{Traffic Safety Facts: Distracted Driving 2018}}, 
      author={NHTSA},
      year={2020},
      note = "Retrieved from \url{https://crashstats.nhtsa.dot.gov/Api/Public/ViewPublication/812926}"
}

@INPROCEEDINGS{hitl_pomdp,
  author={C. {Lam} and S. S. {Sastry}},
  booktitle={53rd IEEE Conference on Decision and Control}, 
  title={{A POMDP framework for human-in-the-loop system}}, 
  year={2014},
  volume={},
  number={},
  pages={6031-6036},
  doi={10.1109/CDC.2014.7040333}}
  
@book{autonomous_driving_book,
    author = {Maurer, Markus and Gerdes, J. and Lenz, Barbara and Winner, Hermann},
    year = {2016},
    month = {05},
    pages = {},
    title = {Autonomous Driving. Technical, Legal and Social Aspects},
    doi = {10.1007/978-3-662-48847-8}
}

@misc{shared_hindsight,
      title={Shared Autonomy via Hindsight Optimization}, 
      author={Shervin Javdani and Siddhartha S. Srinivasa and J. Andrew Bagnell},
      year={2015},
      eprint={1503.07619},
      archivePrefix={arXiv},
      primaryClass={cs.RO}
}

@unpublished{decision_making_book,
    author  = {Kochenderfer, Mykel and Wheeler, Tim and Wray, Kyle},
    title   = {Algorithms for Decision Making},
    year    = {2021},
    note    = {Unpublished manuscript. Retrieved from \url{https://algorithmsbook.com/}},
}

@misc{online_pomdp_cont,
      title={Online algorithms for POMDPs with continuous state, action, and observation spaces}, 
      author={Zachary Sunberg and Mykel Kochenderfer},
      year={2018},
      eprint={1709.06196},
      archivePrefix={arXiv},
      primaryClass={cs.AI}
}

@article{despot,
   title={DESPOT: Online POMDP Planning with Regularization},
   volume={58},
   ISSN={1076-9757},
   url={http://dx.doi.org/10.1613/jair.5328},
   DOI={10.1613/jair.5328},
   journal={Journal of Artificial Intelligence Research},
   publisher={AI Access Foundation},
   author={Ye, Nan and Somani, Adhiraj and Hsu, David and Lee, Wee Sun},
   year={2017},
   month={01},
   pages={231–266}
}

@inproceedings{pomcp,
 author = {Silver, David and Veness, Joel},
 booktitle = {Advances in Neural Information Processing Systems},
 editor = {J. Lafferty and C. Williams and J. Shawe-Taylor and R. Zemel and A. Culotta},
 pages = {2164--2172},
 publisher = {Curran Associates, Inc.},
 title = {Monte-Carlo Planning in Large POMDPs},
 url = {https://proceedings.neurips.cc/paper/2010/file/edfbe1afcf9246bb0d40eb4d8027d90f-Paper.pdf},
 volume = {23},
 year = {2010}
}

@article{online_pomdp,
   title={Online Planning Algorithms for POMDPs},
   volume={32},
   ISSN={1076-9757},
   url={http://dx.doi.org/10.1613/jair.2567},
   DOI={10.1613/jair.2567},
   journal={Journal of Artificial Intelligence Research},
   publisher={AI Access Foundation},
   author={Ross, S. and Pineau, J. and Paquet, S. and Chaib-draa, B.},
   year={2008},
   month={07},
   pages={663–704}
}

@article{macro_actions,
   title={Efficient Planning under Uncertainty with Macro-actions},
   volume={40},
   ISSN={1076-9757},
   url={http://dx.doi.org/10.1613/jair.3171},
   DOI={10.1613/jair.3171},
   journal={Journal of Artificial Intelligence Research},
   publisher={AI Access Foundation},
   author={He, R. and Brunskill, E. and Roy, N.},
   year={2011},
   month={03},
   pages={523–570}
}

@inproceedings{comb_online_offline,
author = {Gelly, Sylvain and Silver, David},
title = {Combining Online and Offline Knowledge in UCT},
year = {2007},
isbn = {9781595937933},
publisher = {Association for Computing Machinery},
address = {New York, NY, USA},
url = {https://doi.org/10.1145/1273496.1273531},
doi = {10.1145/1273496.1273531},
pages = {273–280},
numpages = {8},
location = {Corvalis, Oregon, USA},
series = {ICML '07}
}

@misc{ddpg_continous_driving,
      title={Continuous control with deep reinforcement learning}, 
      author={Timothy P. Lillicrap and Jonathan J. Hunt and Alexander Pritzel and Nicolas Heess and Tom Erez and Yuval Tassa and David Silver and Daan Wierstra},
      year={2019},
      eprint={1509.02971},
      archivePrefix={arXiv},
      primaryClass={cs.LG}
}  

@INPROCEEDINGS{dqn_driving,
  author={P. {Wolf} and C. {Hubschneider} and M. {Weber} and A. {Bauer} and J. {Härtl} and F. {Dürr} and J. M. {Zöllner}},
  booktitle={2017 IEEE Intelligent Vehicles Symposium (IV)}, 
  title={Learning how to drive in a real world simulation with deep Q-Networks}, 
  year={2017},
  volume={},
  number={},
  pages={244-250},
  doi={10.1109/IVS.2017.7995727}}

@misc{rl_driving_survey,
      title={Deep Reinforcement Learning for Autonomous Driving: A Survey}, 
      author={B Ravi Kiran and Ibrahim Sobh and Victor Talpaert and Patrick Mannion and Ahmad A. Al Sallab and Senthil Yogamani and Patrick Pérez},
      year={2021},
      eprint={2002.00444},
      archivePrefix={arXiv},
      primaryClass={cs.LG}
}

@article{deep_driving_survey,
   title={A survey of deep learning techniques for autonomous driving},
   volume={37},
   ISSN={1556-4967},
   url={http://dx.doi.org/10.1002/rob.21918},
   DOI={10.1002/rob.21918},
   number={3},
   journal={Journal of Field Robotics},
   publisher={Wiley},
   author={Grigorescu, Sorin and Trasnea, Bogdan and Cocias, Tiberiu and Macesanu, Gigel},
   year={2020},
   month={Apr},
   pages={362–386}
}

@misc{ba-pomdp-online-offline,
      title={Combining Offline Models and Online Monte-Carlo Tree Search for Planning from Scratch}, 
      author={Yunlong Liu and Jianyang Zheng},
      year={2019},
      eprint={1904.03008},
      archivePrefix={arXiv},
      primaryClass={cs.AI}
}

@article{pomdp-definition,
title = {Planning and acting in partially observable stochastic domains},
journal = {Artificial Intelligence},
volume = {101},
number = {1},
pages = {99-134},
year = {1998},
issn = {0004-3702},
doi = {https://doi.org/10.1016/S0004-3702(98)00023-X},
url = {https://www.sciencedirect.com/science/article/pii/S000437029800023X},
author = {Leslie Pack Kaelbling and Michael L. Littman and Anthony R. Cassandra},
keywords = {Planning, Uncertainty, Partially observable Markov decision processes},
abstract = {In this paper, we bring techniques from operations research to bear on the problem of choosing optimal actions in partially observable stochastic domains. We begin by introducing the theory of Markov decision processes (mdps) and partially observable MDPs (pomdps). We then outline a novel algorithm for solving pomdps off line and show how, in some cases, a finite-memory controller can be extracted from the solution to a POMDP. We conclude with a discussion of how our approach relates to previous work, the complexity of finding exact solutions to pomdps, and of some possibilities for finding approximate solutions.}
}

@article{pomdp-belief,
  doi = {10.1287/opre.21.5.1071},
  url = {https://doi.org/10.1287/opre.21.5.1071},
  year = {1973},
  month = oct,
  publisher = {Institute for Operations Research and the Management Sciences ({INFORMS})},
  volume = {21},
  number = {5},
  pages = {1071--1088},
  author = {Richard D. Smallwood and Edward J. Sondik},
  title = {The Optimal Control of Partially Observable Markov Processes over a Finite Horizon},
  journal = {Operations Research}
}

@article{pomdp-history,
title = {Optimal control of Markov processes with incomplete state information},
journal = {Journal of Mathematical Analysis and Applications},
volume = {10},
number = {1},
pages = {174-205},
year = {1965},
issn = {0022-247X},
doi = {https://doi.org/10.1016/0022-247X(65)90154-X},
url = {https://www.sciencedirect.com/science/article/pii/0022247X6590154X},
author = {K.J Åström}
}

@article{pomdp_curses,
   title={Anytime Point-Based Approximations for Large POMDPs},
   volume={27},
   ISSN={1076-9757},
   url={http://dx.doi.org/10.1613/jair.2078},
   DOI={10.1613/jair.2078},
   journal={Journal of Artificial Intelligence Research},
   publisher={AI Access Foundation},
   author={Pineau, J. and Gordon, G. and Thrun, S.},
   year={2006},
   month={Nov},
   pages={335–380}
}

@article{pomdp_complex,
title = {The Complexity of Markov Decision Processes},
author = {Papadimitriou, Christos H. and Tsitsiklis, John N.},
year = {1987},
journal = {Mathematics of Operations Research},
volume = {12},
number = {3},
pages = {441-450},
keywords = {Markov decision processes; dynamic programming; computational complexity; parallel computation},
url = {https://EconPapers.repec.org/RePEc:inm:ormoor:v:12:y:1987:i:3:p:441-450}
}

@INPROCEEDINGS{pomcp_continuous,
  author={Goldhoorn, Alex and Garrell, Anaís and Alquézar, René and Sanfeliu, Alberto},
  booktitle={2014 IEEE-RAS International Conference on Humanoid Robots}, 
  title={Continuous real time POMCP to find-and-follow people by a humanoid service robot}, 
  year={2014},
  volume={},
  number={},
  pages={741-747},
  doi={10.1109/HUMANOIDS.2014.7041445}
}

@conference{pomdp-point-based-value,
author = {Joelle Pineau and Geoffrey Gordon and Sebastian Thrun},
title = {Point-based value iteration: An anytime algorithm for POMDPs},
booktitle = {Proceedings of 18th International Joint Conference on Artificial Intelligence (IJCAI '03)},
year = {2003},
month = {August},
pages = {1025 - 1032},
}

@phdthesis{pomdp_towards_human,
author = {Sierra Gonzalez, David},
year = {2019},
month = {04},
pages = {},
title = {Towards Human-Like Prediction and Decision-Making for Automated Vehicles in Highway Scenarios}
}

@article{pomdp_perseus,
   title={Perseus: Randomized Point-based Value Iteration for POMDPs},
   volume={24},
   ISSN={1076-9757},
   url={http://dx.doi.org/10.1613/jair.1659},
   DOI={10.1613/jair.1659},
   journal={Journal of Artificial Intelligence Research},
   publisher={AI Access Foundation},
   author={Spaan, M. T.J. and Vlassis, N.},
   year={2005},
   month={Aug},
   pages={195–220}
}


@article{pbvi-survey,
author = {Shani, Guy and Pineau, Joelle and Kaplow, Robert},
title = {A Survey of Point-Based POMDP Solvers},
year = {2013},
issue_date = {July      2013},
publisher = {Kluwer Academic Publishers},
address = {USA},
volume = {27},
number = {1},
issn = {1387-2532},
url = {https://doi.org/10.1007/s10458-012-9200-2},
doi = {10.1007/s10458-012-9200-2},
journal = {Autonomous Agents and Multi-Agent Systems},
month = jul,
pages = {1–51},
numpages = {51},
keywords = {Reinforcement learning, Partially observable Markov decision processes, Decision-theoretic planning}
}

@inproceedings{solver_hsvi,
author = {Smith, Trey and Simmons, Reid},
title = {Heuristic Search Value Iteration for POMDPs},
year = {2004},
isbn = {0974903906},
publisher = {AUAI Press},
address = {Arlington, Virginia, USA},
booktitle = {Proceedings of the 20th Conference on Uncertainty in Artificial Intelligence},
pages = {520–527},
numpages = {8},
location = {Banff, Canada},
series = {UAI '04}
}

@article{pomdp-cont-offline,
	author = {Bai, Haoyu and Hsu, David and Lee, Wee Sun},
	title = {{Integrated perception and planning in the continuous space: A POMDP approach}},
	journal = {Int. J. Rob. Res.},
	volume = {33},
	number = {9},
	pages = {1288--1302},
	year = {2014},
	month = {Jun},
	issn = {0278-3649},
	publisher = {SAGE Publications Ltd STM},
	doi = {10.1177/0278364914528255}
}

@article{pomdp-cont-offline-2,
	author = {Brechtel, Sebastian and Gindele, Tobias and Dillmann, R{\ifmmode\ddot{u}\else\"{u}\fi}diger},
	title = {{Solving Continuous POMDPs: Value Iteration with Incremental Learning of an Efficient Space Representation}},
	journal = {ResearchGate},
	year = {2013},
	month = {Jan},
	url = {https://www.researchgate.net/publication/256078956_Solving_Continuous_POMDPs_Value_Iteration_with_Incremental_Learning_of_an_Efficient_Space_Representation}
}

@article{ucb1,
	author = {Auer, Peter and Cesa-Bianchi, Nicol{\ifmmode\grave{o}\else\`{o}\fi} and Fischer, Paul},
	title = {{Finite-time Analysis of the Multiarmed Bandit Problem}},
	journal = {Machine Learning},
	volume = {47},
	number = {2},
	pages = {235--256},
	year = {2002},
	month = {May},
	issn = {1573-0565},
	publisher = {Kluwer Academic Publishers},
	doi = {10.1023/A:1013689704352}
}

@article{hyp-despot,
	author = {Cai, Panpan and Luo, Yuanfu and Hsu, David and Lee, Wee Sun},
	title = {{HyP-DESPOT: A Hybrid Parallel Algorithm for Online Planning under Uncertainty}},
	journal = {arXiv},
	year = {2018},
	month = {Feb},
	eprint = {1802.06215},
	url = {https://arxiv.org/abs/1802.06215v1}
}

@article{despot-a,
	author = {Garg, Neha P. and Hsu, David and Lee, Wee Sun},
	title = {{DESPOT-Alpha: Online POMDP Planning with Large State and Observation Spaces}},
	journal = {undefined},
	year = {2019},
	url = {https://www.semanticscholar.org/paper/DESPOT-Alpha%3A-Online-POMDP-Planning-with-Large-and-Garg-Hsu/62a1c3b8468a3416fb3189c1203c713d66ee766d}
}

@article{pomcp-worst-case,
	author = {Coquelin, Pierre-Arnaud and Munos, R{\ifmmode\acute{e}\else\'{e}\fi}mi},
	title = {{Bandit Algorithms for Tree Search}},
	journal = {arXiv},
	year = {2007},
	month = {Mar},
	eprint = {cs/0703062},
	url = {https://arxiv.org/abs/cs/0703062v1}
}

@article{despot-is,
	author = {Luo, Yuanfu and Bai, Haoyu and Hsu, David and Lee, Wee Sun},
	title = {{Importance sampling for online planning under uncertainty}},
	journal = {Int. J. Rob. Res.},
	volume = {38},
	number = {2-3},
	pages = {162--181},
	year = {2018},
	month = {Jun},
	issn = {0278-3649},
	publisher = {SAGE Publications Ltd STM},
	doi = {10.1177/0278364918780322}
}

@article{online-cont-pomdp-2,
	author = {Hoerger, Marcus and Kurniawati, Hanna},
	title = {{An On-Line POMDP Solver for Continuous Observation Spaces}},
	journal = {arXiv},
	year = {2020},
	month = {Nov},
	eprint = {2011.02076},
	url = {https://arxiv.org/abs/2011.02076v1}
}

@misc{lane_width, 
title={Road design standards of medians, shoulders and verges}, 
url={https://www.swov.nl/publicatie/road-design-standards-medians-shoulders-and-verges}, 
publisher={SWOV Institute for Road Safety Research}, 
author={Schoon, C.C.}, year={1994}
} 